% This file was created with JabRef 2.4.2.
% Encoding: Cp1252

@PHDTHESIS{Codd2001,
  author = {A. L. Codd},
  title = {Elasticity-Fluid Coupled Systems and Elliptic Grid Generation (EGG)
	based on First-Order Sytem Least Squares (FOSLS)},
  school = {University of Colorado},
  year = {2001},
  file = {:M\:\\Federico\\References\\Theses\\Codd_2001_Elasticity-Fluid Coupled
	Systems and Elliptic Grid Generation (EGG) based on First-Order Sytem
	Least Squares (FOSLS).pdf:PDF},
  owner = {sporlede},
  timestamp = {2010.05.05}
}

@BOOK{Jiang1998a,
  title = {The least-squares finite element method: theory and applications
	in computational fluid dynamics and electromagnetics},
  publisher = {Springer},
  year = {1998},
  author = {Bo-Nan Jiang},
  owner = {sporlede},
  timestamp = {2009.06.17}
}

@ARTICLE{Winterscheidt1994,
  author = {Daniel Winterscheidt and Karan S. Surana},
  title = {p-version least squares finite element formulation fot two-dimensional,
	incompressible fluid flow},
  journal = {International Journal for Numerical Methods in Fluids},
  year = {1994},
  volume = {18},
  pages = {43-69},
  file = {:M\:\\Federico\\References\\Papers\\Winterscheidt_1994_p-version least
	squares finite element formulation for two-dimensional, incompressible
	fluid flow.pdf:PDF},
  keywords = {Least squares
	
	finite element
	
	p-version
	
	error functional
	
	degrees of freedom
	
	p-convergence
	
	Newton's method
	
	Line search
	
	Navier-Stokes
	
	Hierachical
	
	Driven cavity
	
	Asymmetric expansion},
  owner = {sporlede},
  timestamp = {2009.06.13}
}

@comment{jabref-meta: selector_publisher:}

@comment{jabref-meta: selector_author:}

@comment{jabref-meta: selector_journal:}

@comment{jabref-meta: selector_keywords:}

